%YAML 1.1
%TAG !u! tag:unity3d.com,2011:
--- !u!29 &1
OcclusionCullingSettings:
  m_ObjectHideFlags: 0
  serializedVersion: 2
  m_OcclusionBakeSettings:
    smallestOccluder: 5
    smallestHole: 0.25
    backfaceThreshold: 100
  m_SceneGUID: 00000000000000000000000000000000
  m_OcclusionCullingData: {fileID: 0}
--- !u!104 &2
RenderSettings:
  m_ObjectHideFlags: 0
  serializedVersion: 8
  m_Fog: 0
  m_FogColor: {r: 0.5, g: 0.5, b: 0.5, a: 1}
  m_FogMode: 3
  m_FogDensity: 0.01
  m_LinearFogStart: 0
  m_LinearFogEnd: 300
  m_AmbientSkyColor: {r: 0.212, g: 0.227, b: 0.259, a: 1}
  m_AmbientEquatorColor: {r: 0.114, g: 0.125, b: 0.133, a: 1}
  m_AmbientGroundColor: {r: 0.047, g: 0.043, b: 0.035, a: 1}
  m_AmbientIntensity: 1
  m_AmbientMode: 0
  m_SubtractiveShadowColor: {r: 0.42, g: 0.478, b: 0.627, a: 1}
  m_SkyboxMaterial: {fileID: 10304, guid: 0000000000000000f000000000000000, type: 0}
  m_HaloStrength: 0.5
  m_FlareStrength: 1
  m_FlareFadeSpeed: 3
  m_HaloTexture: {fileID: 0}
  m_SpotCookie: {fileID: 10001, guid: 0000000000000000e000000000000000, type: 0}
  m_DefaultReflectionMode: 0
  m_DefaultReflectionResolution: 128
  m_ReflectionBounces: 1
  m_ReflectionIntensity: 1
  m_CustomReflection: {fileID: 0}
  m_Sun: {fileID: 0}
  m_IndirectSpecularColor: {r: 0.1727681, g: 0.21589208, b: 0.29782575, a: 1}
--- !u!157 &3
LightmapSettings:
  m_ObjectHideFlags: 0
  serializedVersion: 11
  m_GIWorkflowMode: 0
  m_GISettings:
    serializedVersion: 2
    m_BounceScale: 1
    m_IndirectOutputScale: 1
    m_AlbedoBoost: 1
    m_TemporalCoherenceThreshold: 1
    m_EnvironmentLightingMode: 0
    m_EnableBakedLightmaps: 1
    m_EnableRealtimeLightmaps: 1
  m_LightmapEditorSettings:
    serializedVersion: 9
    m_Resolution: 2
    m_BakeResolution: 40
    m_TextureWidth: 1024
    m_TextureHeight: 1024
    m_AO: 0
    m_AOMaxDistance: 1
    m_CompAOExponent: 1
    m_CompAOExponentDirect: 0
    m_Padding: 2
    m_LightmapParameters: {fileID: 0}
    m_LightmapsBakeMode: 1
    m_TextureCompression: 1
    m_FinalGather: 0
    m_FinalGatherFiltering: 1
    m_FinalGatherRayCount: 256
    m_ReflectionCompression: 2
    m_MixedBakeMode: 2
    m_BakeBackend: 0
    m_PVRSampling: 1
    m_PVRDirectSampleCount: 32
    m_PVRSampleCount: 500
    m_PVRBounces: 2
    m_PVRFilterTypeDirect: 0
    m_PVRFilterTypeIndirect: 0
    m_PVRFilterTypeAO: 0
    m_PVRFilteringMode: 1
    m_PVRCulling: 1
    m_PVRFilteringGaussRadiusDirect: 1
    m_PVRFilteringGaussRadiusIndirect: 5
    m_PVRFilteringGaussRadiusAO: 2
    m_PVRFilteringAtrousPositionSigmaDirect: 0.5
    m_PVRFilteringAtrousPositionSigmaIndirect: 2
    m_PVRFilteringAtrousPositionSigmaAO: 1
    m_ShowResolutionOverlay: 1
  m_LightingDataAsset: {fileID: 0}
  m_UseShadowmask: 1
--- !u!196 &4
NavMeshSettings:
  serializedVersion: 2
  m_ObjectHideFlags: 0
  m_BuildSettings:
    serializedVersion: 2
    agentTypeID: 0
    agentRadius: 0.5
    agentHeight: 2
    agentSlope: 45
    agentClimb: 0.4
    ledgeDropHeight: 0
    maxJumpAcrossDistance: 0
    minRegionArea: 2
    manualCellSize: 0
    cellSize: 0.16666667
    manualTileSize: 0
    tileSize: 256
    accuratePlacement: 0
    debug:
      m_Flags: 0
  m_NavMeshData: {fileID: 0}
--- !u!1 &63893652
GameObject:
  m_ObjectHideFlags: 0
  m_PrefabParentObject: {fileID: 1608526888733500, guid: 81e19c779feb3a445b4782d0c707be4e,
    type: 2}
  m_PrefabInternal: {fileID: 0}
  serializedVersion: 5
  m_Component:
  - component: {fileID: 63893653}
  - component: {fileID: 63893656}
  - component: {fileID: 63893655}
  - component: {fileID: 63893654}
  m_Layer: 0
  m_Name: Left
  m_TagString: Untagged
  m_Icon: {fileID: 0}
  m_NavMeshLayer: 0
  m_StaticEditorFlags: 0
  m_IsActive: 1
--- !u!4 &63893653
Transform:
  m_ObjectHideFlags: 0
  m_PrefabParentObject: {fileID: 4020172429929346, guid: 81e19c779feb3a445b4782d0c707be4e,
    type: 2}
  m_PrefabInternal: {fileID: 0}
  m_GameObject: {fileID: 63893652}
  m_LocalRotation: {x: -0, y: -0, z: -0, w: 1}
  m_LocalPosition: {x: 30, y: 1.5, z: 15.5}
  m_LocalScale: {x: 90, y: 5, z: 1}
  m_Children: []
  m_Father: {fileID: 2011380719}
  m_RootOrder: 0
  m_LocalEulerAnglesHint: {x: 0, y: 0, z: 0}
--- !u!23 &63893654
MeshRenderer:
  m_ObjectHideFlags: 0
  m_PrefabParentObject: {fileID: 23727531586795686, guid: 81e19c779feb3a445b4782d0c707be4e,
    type: 2}
  m_PrefabInternal: {fileID: 0}
  m_GameObject: {fileID: 63893652}
  m_Enabled: 1
  m_CastShadows: 1
  m_ReceiveShadows: 1
  m_DynamicOccludee: 1
  m_MotionVectors: 1
  m_LightProbeUsage: 1
  m_ReflectionProbeUsage: 1
  m_Materials:
  - {fileID: -1274705947, guid: eb3ccd6eb7d07724f9b78f5717251969, type: 3}
  m_StaticBatchInfo:
    firstSubMesh: 0
    subMeshCount: 0
  m_StaticBatchRoot: {fileID: 0}
  m_ProbeAnchor: {fileID: 0}
  m_LightProbeVolumeOverride: {fileID: 0}
  m_ScaleInLightmap: 1
  m_PreserveUVs: 1
  m_IgnoreNormalsForChartDetection: 0
  m_ImportantGI: 0
  m_StitchLightmapSeams: 0
  m_SelectedEditorRenderState: 3
  m_MinimumChartSize: 4
  m_AutoUVMaxDistance: 0.5
  m_AutoUVMaxAngle: 89
  m_LightmapParameters: {fileID: 0}
  m_SortingLayerID: 0
  m_SortingLayer: 0
  m_SortingOrder: 0
--- !u!65 &63893655
BoxCollider:
  m_ObjectHideFlags: 0
  m_PrefabParentObject: {fileID: 65111529897642844, guid: 81e19c779feb3a445b4782d0c707be4e,
    type: 2}
  m_PrefabInternal: {fileID: 0}
  m_GameObject: {fileID: 63893652}
  m_Material: {fileID: 0}
  m_IsTrigger: 0
  m_Enabled: 1
  serializedVersion: 2
  m_Size: {x: 1, y: 1, z: 1}
  m_Center: {x: 0, y: 0, z: 0}
--- !u!33 &63893656
MeshFilter:
  m_ObjectHideFlags: 0
  m_PrefabParentObject: {fileID: 33244960985130344, guid: 81e19c779feb3a445b4782d0c707be4e,
    type: 2}
  m_PrefabInternal: {fileID: 0}
  m_GameObject: {fileID: 63893652}
  m_Mesh: {fileID: 10202, guid: 0000000000000000e000000000000000, type: 0}
--- !u!1 &212115611
GameObject:
  m_ObjectHideFlags: 0
  m_PrefabParentObject: {fileID: 0}
  m_PrefabInternal: {fileID: 0}
  serializedVersion: 5
  m_Component:
  - component: {fileID: 212115612}
  - component: {fileID: 212115615}
  - component: {fileID: 212115614}
  - component: {fileID: 212115613}
  m_Layer: 0
  m_Name: Portal2_Collider
  m_TagString: Poral_Blue
  m_Icon: {fileID: 0}
  m_NavMeshLayer: 0
  m_StaticEditorFlags: 0
  m_IsActive: 1
--- !u!4 &212115612
Transform:
  m_ObjectHideFlags: 0
  m_PrefabParentObject: {fileID: 0}
  m_PrefabInternal: {fileID: 0}
  m_GameObject: {fileID: 212115611}
  m_LocalRotation: {x: 0.50189626, y: 0.4980966, z: -0.49809647, w: 0.50189626}
  m_LocalPosition: {x: -14.369251, y: 5.0499997, z: -61.2948}
  m_LocalScale: {x: 14.01872, y: 0, z: 10.081264}
  m_Children: []
  m_Father: {fileID: 1852394189}
  m_RootOrder: 5
  m_LocalEulerAnglesHint: {x: 90.00001, y: 0, z: -89.565}
--- !u!114 &212115613
MonoBehaviour:
  m_ObjectHideFlags: 0
  m_PrefabParentObject: {fileID: 0}
  m_PrefabInternal: {fileID: 0}
  m_GameObject: {fileID: 212115611}
  m_Enabled: 1
  m_EditorHideFlags: 0
  m_Script: {fileID: 11500000, guid: 6c329109a417d4c3fb9d7b3bd7e6553d, type: 3}
  m_Name: 
  m_EditorClassIdentifier: 
--- !u!64 &212115614
MeshCollider:
  m_ObjectHideFlags: 0
  m_PrefabParentObject: {fileID: 0}
  m_PrefabInternal: {fileID: 0}
  m_GameObject: {fileID: 212115611}
  m_Material: {fileID: 0}
  m_IsTrigger: 1
  m_Enabled: 1
  serializedVersion: 3
  m_Convex: 1
  m_CookingOptions: 14
  m_SkinWidth: 0.01
  m_Mesh: {fileID: 10206, guid: 0000000000000000e000000000000000, type: 0}
--- !u!33 &212115615
MeshFilter:
  m_ObjectHideFlags: 0
  m_PrefabParentObject: {fileID: 0}
  m_PrefabInternal: {fileID: 0}
  m_GameObject: {fileID: 212115611}
  m_Mesh: {fileID: 10206, guid: 0000000000000000e000000000000000, type: 0}
--- !u!4 &295850567 stripped
Transform:
  m_PrefabParentObject: {fileID: 4030515484366412, guid: 81e19c779feb3a445b4782d0c707be4e,
    type: 2}
  m_PrefabInternal: {fileID: 2062054116}
--- !u!1 &302239876
GameObject:
  m_ObjectHideFlags: 0
  m_PrefabParentObject: {fileID: 0}
  m_PrefabInternal: {fileID: 0}
  serializedVersion: 5
  m_Component:
  - component: {fileID: 302239877}
  - component: {fileID: 302239880}
  - component: {fileID: 302239878}
  m_Layer: 0
  m_Name: Portal2_Render
  m_TagString: Poral_Blue
  m_Icon: {fileID: 0}
  m_NavMeshLayer: 0
  m_StaticEditorFlags: 0
  m_IsActive: 1
--- !u!4 &302239877
Transform:
  m_ObjectHideFlags: 0
  m_PrefabParentObject: {fileID: 0}
  m_PrefabInternal: {fileID: 0}
  m_GameObject: {fileID: 302239876}
  m_LocalRotation: {x: 0.50189626, y: 0.4980966, z: -0.49809647, w: 0.50189626}
  m_LocalPosition: {x: -14.759241, y: 5.0499997, z: -61.2978}
  m_LocalScale: {x: 14.01872, y: 0.000001, z: 10.081254}
  m_Children: []
  m_Father: {fileID: 1852394189}
  m_RootOrder: 1
  m_LocalEulerAnglesHint: {x: 90.00001, y: 0, z: -89.565}
--- !u!23 &302239878
MeshRenderer:
  m_ObjectHideFlags: 0
  m_PrefabParentObject: {fileID: 0}
  m_PrefabInternal: {fileID: 0}
  m_GameObject: {fileID: 302239876}
  m_Enabled: 1
  m_CastShadows: 1
  m_ReceiveShadows: 1
  m_DynamicOccludee: 1
  m_MotionVectors: 1
  m_LightProbeUsage: 1
  m_ReflectionProbeUsage: 1
  m_Materials:
  - {fileID: 2100000, guid: 908a3a8789d674df694ba786f22e7e44, type: 2}
  m_StaticBatchInfo:
    firstSubMesh: 0
    subMeshCount: 0
  m_StaticBatchRoot: {fileID: 0}
  m_ProbeAnchor: {fileID: 0}
  m_LightProbeVolumeOverride: {fileID: 0}
  m_ScaleInLightmap: 1
  m_PreserveUVs: 1
  m_IgnoreNormalsForChartDetection: 0
  m_ImportantGI: 0
  m_StitchLightmapSeams: 0
  m_SelectedEditorRenderState: 3
  m_MinimumChartSize: 4
  m_AutoUVMaxDistance: 0.5
  m_AutoUVMaxAngle: 89
  m_LightmapParameters: {fileID: 0}
  m_SortingLayerID: 0
  m_SortingLayer: 0
  m_SortingOrder: 0
--- !u!33 &302239880
MeshFilter:
  m_ObjectHideFlags: 0
  m_PrefabParentObject: {fileID: 0}
  m_PrefabInternal: {fileID: 0}
  m_GameObject: {fileID: 302239876}
  m_Mesh: {fileID: 10206, guid: 0000000000000000e000000000000000, type: 0}
--- !u!1 &403540609
GameObject:
  m_ObjectHideFlags: 0
  m_PrefabParentObject: {fileID: 1457745054341252, guid: 81e19c779feb3a445b4782d0c707be4e,
    type: 2}
  m_PrefabInternal: {fileID: 0}
  serializedVersion: 5
  m_Component:
  - component: {fileID: 403540610}
  - component: {fileID: 403540613}
  - component: {fileID: 403540612}
  - component: {fileID: 403540611}
  m_Layer: 0
  m_Name: Back
  m_TagString: Untagged
  m_Icon: {fileID: 0}
  m_NavMeshLayer: 0
  m_StaticEditorFlags: 0
  m_IsActive: 1
--- !u!4 &403540610
Transform:
  m_ObjectHideFlags: 0
  m_PrefabParentObject: {fileID: 4425421571552064, guid: 81e19c779feb3a445b4782d0c707be4e,
    type: 2}
  m_PrefabInternal: {fileID: 0}
  m_GameObject: {fileID: 403540609}
  m_LocalRotation: {x: -0, y: -0, z: -0, w: 1}
  m_LocalPosition: {x: -15, y: 1.5, z: 0}
  m_LocalScale: {x: 1, y: 5, z: 32}
  m_Children: []
  m_Father: {fileID: 2011380719}
  m_RootOrder: 3
  m_LocalEulerAnglesHint: {x: 0, y: 0, z: 0}
--- !u!23 &403540611
MeshRenderer:
  m_ObjectHideFlags: 0
  m_PrefabParentObject: {fileID: 23115188527403836, guid: 81e19c779feb3a445b4782d0c707be4e,
    type: 2}
  m_PrefabInternal: {fileID: 0}
  m_GameObject: {fileID: 403540609}
  m_Enabled: 1
  m_CastShadows: 1
  m_ReceiveShadows: 1
  m_DynamicOccludee: 1
  m_MotionVectors: 1
  m_LightProbeUsage: 1
  m_ReflectionProbeUsage: 1
  m_Materials:
  - {fileID: -1274705947, guid: eb3ccd6eb7d07724f9b78f5717251969, type: 3}
  m_StaticBatchInfo:
    firstSubMesh: 0
    subMeshCount: 0
  m_StaticBatchRoot: {fileID: 0}
  m_ProbeAnchor: {fileID: 0}
  m_LightProbeVolumeOverride: {fileID: 0}
  m_ScaleInLightmap: 1
  m_PreserveUVs: 1
  m_IgnoreNormalsForChartDetection: 0
  m_ImportantGI: 0
  m_StitchLightmapSeams: 0
  m_SelectedEditorRenderState: 3
  m_MinimumChartSize: 4
  m_AutoUVMaxDistance: 0.5
  m_AutoUVMaxAngle: 89
  m_LightmapParameters: {fileID: 0}
  m_SortingLayerID: 0
  m_SortingLayer: 0
  m_SortingOrder: 0
--- !u!65 &403540612
BoxCollider:
  m_ObjectHideFlags: 0
  m_PrefabParentObject: {fileID: 65682806086364760, guid: 81e19c779feb3a445b4782d0c707be4e,
    type: 2}
  m_PrefabInternal: {fileID: 0}
  m_GameObject: {fileID: 403540609}
  m_Material: {fileID: 0}
  m_IsTrigger: 0
  m_Enabled: 1
  serializedVersion: 2
  m_Size: {x: 1, y: 1, z: 1}
  m_Center: {x: 0, y: 0, z: 0}
--- !u!33 &403540613
MeshFilter:
  m_ObjectHideFlags: 0
  m_PrefabParentObject: {fileID: 33676117660079154, guid: 81e19c779feb3a445b4782d0c707be4e,
    type: 2}
  m_PrefabInternal: {fileID: 0}
  m_GameObject: {fileID: 403540609}
  m_Mesh: {fileID: 10202, guid: 0000000000000000e000000000000000, type: 0}
--- !u!4 &439883471 stripped
Transform:
  m_PrefabParentObject: {fileID: 4152344451043366, guid: 0f8bfc64495144bbcb1023edb212fbb5,
    type: 2}
  m_PrefabInternal: {fileID: 629135738}
--- !u!4 &536186040 stripped
Transform:
  m_PrefabParentObject: {fileID: 4306366975815474, guid: 9bb84388daa6a48ccada4b3ba51d2ca0,
    type: 2}
  m_PrefabInternal: {fileID: 1727801629}
--- !u!1 &574648025
GameObject:
  m_ObjectHideFlags: 0
  m_PrefabParentObject: {fileID: 0}
  m_PrefabInternal: {fileID: 0}
  serializedVersion: 5
  m_Component:
  - component: {fileID: 574648027}
  - component: {fileID: 574648026}
  m_Layer: 0
  m_Name: GameManager
  m_TagString: Untagged
  m_Icon: {fileID: 0}
  m_NavMeshLayer: 0
  m_StaticEditorFlags: 0
  m_IsActive: 1
--- !u!114 &574648026
MonoBehaviour:
  m_ObjectHideFlags: 0
  m_PrefabParentObject: {fileID: 0}
  m_PrefabInternal: {fileID: 0}
  m_GameObject: {fileID: 574648025}
  m_Enabled: 1
  m_EditorHideFlags: 0
  m_Script: {fileID: 11500000, guid: ab6e29717b4b04fa7833fb259c7b0a3f, type: 3}
  m_Name: 
  m_EditorClassIdentifier: 
  portalCam1: {fileID: 1491619398}
  portalCam2: {fileID: 2110791783}
  portalMat1: {fileID: 2100000, guid: 4681fd6926c9647dd9110b2abae59d50, type: 2}
  portalMat2: {fileID: 2100000, guid: 908a3a8789d674df694ba786f22e7e44, type: 2}
--- !u!4 &574648027
Transform:
  m_ObjectHideFlags: 0
  m_PrefabParentObject: {fileID: 0}
  m_PrefabInternal: {fileID: 0}
  m_GameObject: {fileID: 574648025}
  m_LocalRotation: {x: 0, y: 0, z: 0, w: 1}
  m_LocalPosition: {x: 37.48557, y: -2.0044448, z: -22.067339}
  m_LocalScale: {x: 1, y: 1, z: 1}
  m_Children: []
  m_Father: {fileID: 0}
  m_RootOrder: 3
  m_LocalEulerAnglesHint: {x: 0, y: 0, z: 0}
--- !u!1001 &629135738
Prefab:
  m_ObjectHideFlags: 0
  serializedVersion: 2
  m_Modification:
    m_TransformParent: {fileID: 1852394189}
    m_Modifications:
    - target: {fileID: 4152344451043366, guid: 0f8bfc64495144bbcb1023edb212fbb5, type: 2}
      propertyPath: m_LocalPosition.x
      value: 74.3
      objectReference: {fileID: 0}
    - target: {fileID: 4152344451043366, guid: 0f8bfc64495144bbcb1023edb212fbb5, type: 2}
      propertyPath: m_LocalPosition.y
      value: 4.99
      objectReference: {fileID: 0}
    - target: {fileID: 4152344451043366, guid: 0f8bfc64495144bbcb1023edb212fbb5, type: 2}
      propertyPath: m_LocalPosition.z
      value: 0.51
      objectReference: {fileID: 0}
    - target: {fileID: 4152344451043366, guid: 0f8bfc64495144bbcb1023edb212fbb5, type: 2}
      propertyPath: m_LocalRotation.x
      value: 0.5
      objectReference: {fileID: 0}
    - target: {fileID: 4152344451043366, guid: 0f8bfc64495144bbcb1023edb212fbb5, type: 2}
      propertyPath: m_LocalRotation.y
      value: -0.5
      objectReference: {fileID: 0}
    - target: {fileID: 4152344451043366, guid: 0f8bfc64495144bbcb1023edb212fbb5, type: 2}
      propertyPath: m_LocalRotation.z
      value: 0.5
      objectReference: {fileID: 0}
    - target: {fileID: 4152344451043366, guid: 0f8bfc64495144bbcb1023edb212fbb5, type: 2}
      propertyPath: m_LocalRotation.w
      value: 0.5
      objectReference: {fileID: 0}
    - target: {fileID: 4152344451043366, guid: 0f8bfc64495144bbcb1023edb212fbb5, type: 2}
      propertyPath: m_RootOrder
      value: 0
      objectReference: {fileID: 0}
    m_RemovedComponents: []
  m_ParentPrefab: {fileID: 100100000, guid: 0f8bfc64495144bbcb1023edb212fbb5, type: 2}
  m_IsPrefabParent: 0
--- !u!1 &694702876
GameObject:
  m_ObjectHideFlags: 0
  m_PrefabParentObject: {fileID: 0}
  m_PrefabInternal: {fileID: 0}
  serializedVersion: 5
  m_Component:
  - component: {fileID: 694702878}
  - component: {fileID: 694702877}
  m_Layer: 0
  m_Name: Directional Light
  m_TagString: Untagged
  m_Icon: {fileID: 0}
  m_NavMeshLayer: 0
  m_StaticEditorFlags: 0
  m_IsActive: 1
--- !u!108 &694702877
Light:
  m_ObjectHideFlags: 0
  m_PrefabParentObject: {fileID: 0}
  m_PrefabInternal: {fileID: 0}
  m_GameObject: {fileID: 694702876}
  m_Enabled: 1
  serializedVersion: 8
  m_Type: 1
  m_Color: {r: 1, g: 0.95686275, b: 0.8392157, a: 1}
  m_Intensity: 1
  m_Range: 10
  m_SpotAngle: 30
  m_CookieSize: 10
  m_Shadows:
    m_Type: 2
    m_Resolution: -1
    m_CustomResolution: -1
    m_Strength: 1
    m_Bias: 0.05
    m_NormalBias: 0.4
    m_NearPlane: 0.2
  m_Cookie: {fileID: 0}
  m_DrawHalo: 0
  m_Flare: {fileID: 0}
  m_RenderMode: 0
  m_CullingMask:
    serializedVersion: 2
    m_Bits: 4294967295
  m_Lightmapping: 4
  m_AreaSize: {x: 1, y: 1}
  m_BounceIntensity: 1
  m_ColorTemperature: 6570
  m_UseColorTemperature: 0
  m_ShadowRadius: 0
  m_ShadowAngle: 0
--- !u!4 &694702878
Transform:
  m_ObjectHideFlags: 0
  m_PrefabParentObject: {fileID: 0}
  m_PrefabInternal: {fileID: 0}
  m_GameObject: {fileID: 694702876}
  m_LocalRotation: {x: 0.40821788, y: -0.23456968, z: 0.10938163, w: 0.8754261}
  m_LocalPosition: {x: 0, y: 3, z: 0}
  m_LocalScale: {x: 1, y: 1, z: 1}
  m_Children: []
  m_Father: {fileID: 0}
  m_RootOrder: 0
  m_LocalEulerAnglesHint: {x: 50, y: -30, z: 0}
--- !u!1 &1163664297
GameObject:
  m_ObjectHideFlags: 0
  m_PrefabParentObject: {fileID: 0}
  m_PrefabInternal: {fileID: 0}
  serializedVersion: 5
  m_Component:
  - component: {fileID: 1163664299}
  - component: {fileID: 1163664298}
  m_Layer: 0
  m_Name: GameObject
  m_TagString: Untagged
  m_Icon: {fileID: 0}
  m_NavMeshLayer: 0
  m_StaticEditorFlags: 0
  m_IsActive: 1
--- !u!114 &1163664298
MonoBehaviour:
  m_ObjectHideFlags: 0
  m_PrefabParentObject: {fileID: 0}
  m_PrefabInternal: {fileID: 0}
  m_GameObject: {fileID: 1163664297}
  m_Enabled: 1
  m_EditorHideFlags: 0
  m_Script: {fileID: 11500000, guid: 2d096be806c1d4e40a3fb28433c98f71, type: 3}
  m_Name: 
  m_EditorClassIdentifier: 
  ball: {fileID: 2043377303}
  speed: 4
--- !u!4 &1163664299
Transform:
  m_ObjectHideFlags: 0
  m_PrefabParentObject: {fileID: 0}
  m_PrefabInternal: {fileID: 0}
  m_GameObject: {fileID: 1163664297}
  m_LocalRotation: {x: 0, y: 0, z: 0, w: 1}
  m_LocalPosition: {x: -0.8166284, y: 1, z: -2.8186347}
  m_LocalScale: {x: 1, y: 1, z: 1}
  m_Children: []
  m_Father: {fileID: 0}
  m_RootOrder: 4
  m_LocalEulerAnglesHint: {x: 0, y: 0, z: 0}
--- !u!4 &1491619395 stripped
Transform:
  m_PrefabParentObject: {fileID: 4346243212033804, guid: dd0a62c297998437ba24aba78b37a3f7,
    type: 2}
  m_PrefabInternal: {fileID: 1577120898}
--- !u!20 &1491619398 stripped
Camera:
  m_PrefabParentObject: {fileID: 20904200404843044, guid: dd0a62c297998437ba24aba78b37a3f7,
    type: 2}
  m_PrefabInternal: {fileID: 1577120898}
--- !u!1 &1568235935
GameObject:
  m_ObjectHideFlags: 0
  m_PrefabParentObject: {fileID: 1873871202064846, guid: 81e19c779feb3a445b4782d0c707be4e,
    type: 2}
  m_PrefabInternal: {fileID: 0}
  serializedVersion: 5
  m_Component:
  - component: {fileID: 1568235936}
  - component: {fileID: 1568235939}
  - component: {fileID: 1568235938}
  - component: {fileID: 1568235937}
  m_Layer: 0
  m_Name: Front
  m_TagString: Untagged
  m_Icon: {fileID: 0}
  m_NavMeshLayer: 0
  m_StaticEditorFlags: 0
  m_IsActive: 1
--- !u!4 &1568235936
Transform:
  m_ObjectHideFlags: 0
  m_PrefabParentObject: {fileID: 4063421629348978, guid: 81e19c779feb3a445b4782d0c707be4e,
    type: 2}
  m_PrefabInternal: {fileID: 0}
  m_GameObject: {fileID: 1568235935}
  m_LocalRotation: {x: -0, y: -0, z: -0, w: 1}
  m_LocalPosition: {x: 75, y: 1.5, z: 0}
  m_LocalScale: {x: 1, y: 5, z: 32}
  m_Children: []
  m_Father: {fileID: 2011380719}
  m_RootOrder: 2
  m_LocalEulerAnglesHint: {x: 0, y: 0, z: 0}
--- !u!23 &1568235937
MeshRenderer:
  m_ObjectHideFlags: 0
  m_PrefabParentObject: {fileID: 23881152795578836, guid: 81e19c779feb3a445b4782d0c707be4e,
    type: 2}
  m_PrefabInternal: {fileID: 0}
  m_GameObject: {fileID: 1568235935}
  m_Enabled: 1
  m_CastShadows: 1
  m_ReceiveShadows: 1
  m_DynamicOccludee: 1
  m_MotionVectors: 1
  m_LightProbeUsage: 1
  m_ReflectionProbeUsage: 1
  m_Materials:
  - {fileID: -1274705947, guid: eb3ccd6eb7d07724f9b78f5717251969, type: 3}
  m_StaticBatchInfo:
    firstSubMesh: 0
    subMeshCount: 0
  m_StaticBatchRoot: {fileID: 0}
  m_ProbeAnchor: {fileID: 0}
  m_LightProbeVolumeOverride: {fileID: 0}
  m_ScaleInLightmap: 1
  m_PreserveUVs: 1
  m_IgnoreNormalsForChartDetection: 0
  m_ImportantGI: 0
  m_StitchLightmapSeams: 0
  m_SelectedEditorRenderState: 3
  m_MinimumChartSize: 4
  m_AutoUVMaxDistance: 0.5
  m_AutoUVMaxAngle: 89
  m_LightmapParameters: {fileID: 0}
  m_SortingLayerID: 0
  m_SortingLayer: 0
  m_SortingOrder: 0
--- !u!65 &1568235938
BoxCollider:
  m_ObjectHideFlags: 0
  m_PrefabParentObject: {fileID: 65489048591685990, guid: 81e19c779feb3a445b4782d0c707be4e,
    type: 2}
  m_PrefabInternal: {fileID: 0}
  m_GameObject: {fileID: 1568235935}
  m_Material: {fileID: 0}
  m_IsTrigger: 0
  m_Enabled: 1
  serializedVersion: 2
  m_Size: {x: 1, y: 1, z: 1}
  m_Center: {x: 0, y: 0, z: 0}
--- !u!33 &1568235939
MeshFilter:
  m_ObjectHideFlags: 0
  m_PrefabParentObject: {fileID: 33657926285367882, guid: 81e19c779feb3a445b4782d0c707be4e,
    type: 2}
  m_PrefabInternal: {fileID: 0}
  m_GameObject: {fileID: 1568235935}
  m_Mesh: {fileID: 10202, guid: 0000000000000000e000000000000000, type: 0}
--- !u!1001 &1577120898
Prefab:
  m_ObjectHideFlags: 0
  serializedVersion: 2
  m_Modification:
    m_TransformParent: {fileID: 1852394189}
    m_Modifications:
    - target: {fileID: 4346243212033804, guid: dd0a62c297998437ba24aba78b37a3f7, type: 2}
      propertyPath: m_LocalPosition.x
      value: -15.05
      objectReference: {fileID: 0}
    - target: {fileID: 4346243212033804, guid: dd0a62c297998437ba24aba78b37a3f7, type: 2}
      propertyPath: m_LocalPosition.y
      value: 4.7
      objectReference: {fileID: 0}
    - target: {fileID: 4346243212033804, guid: dd0a62c297998437ba24aba78b37a3f7, type: 2}
      propertyPath: m_LocalPosition.z
      value: -61.2
      objectReference: {fileID: 0}
    - target: {fileID: 4346243212033804, guid: dd0a62c297998437ba24aba78b37a3f7, type: 2}
      propertyPath: m_LocalRotation.x
      value: 0.0000006298833
      objectReference: {fileID: 0}
    - target: {fileID: 4346243212033804, guid: dd0a62c297998437ba24aba78b37a3f7, type: 2}
      propertyPath: m_LocalRotation.y
      value: 0.70441496
      objectReference: {fileID: 0}
    - target: {fileID: 4346243212033804, guid: dd0a62c297998437ba24aba78b37a3f7, type: 2}
      propertyPath: m_LocalRotation.z
      value: -0.000000055904785
      objectReference: {fileID: 0}
    - target: {fileID: 4346243212033804, guid: dd0a62c297998437ba24aba78b37a3f7, type: 2}
      propertyPath: m_LocalRotation.w
      value: 0.7097884
      objectReference: {fileID: 0}
    - target: {fileID: 4346243212033804, guid: dd0a62c297998437ba24aba78b37a3f7, type: 2}
      propertyPath: m_RootOrder
      value: 2
      objectReference: {fileID: 0}
    - target: {fileID: 114138337719876438, guid: dd0a62c297998437ba24aba78b37a3f7,
        type: 2}
      propertyPath: playerCamera
      value: 
      objectReference: {fileID: 1794473707}
    - target: {fileID: 114138337719876438, guid: dd0a62c297998437ba24aba78b37a3f7,
        type: 2}
      propertyPath: portal
      value: 
      objectReference: {fileID: 302239877}
    - target: {fileID: 114138337719876438, guid: dd0a62c297998437ba24aba78b37a3f7,
        type: 2}
      propertyPath: otherPortal
      value: 
      objectReference: {fileID: 439883471}
    - target: {fileID: 20904200404843044, guid: dd0a62c297998437ba24aba78b37a3f7,
        type: 2}
      propertyPath: m_TargetTexture
      value: 
      objectReference: {fileID: 8400000, guid: 7531f3c5f1da84285b47494eac68d8f6, type: 2}
    - target: {fileID: 1459302599238512, guid: dd0a62c297998437ba24aba78b37a3f7, type: 2}
      propertyPath: m_IsActive
      value: 0
      objectReference: {fileID: 0}
    m_RemovedComponents: []
  m_ParentPrefab: {fileID: 100100000, guid: dd0a62c297998437ba24aba78b37a3f7, type: 2}
  m_IsPrefabParent: 0
--- !u!1 &1635830036
GameObject:
  m_ObjectHideFlags: 0
  m_PrefabParentObject: {fileID: 1773831448573892, guid: 81e19c779feb3a445b4782d0c707be4e,
    type: 2}
  m_PrefabInternal: {fileID: 0}
  serializedVersion: 5
  m_Component:
  - component: {fileID: 1635830037}
  - component: {fileID: 1635830040}
  - component: {fileID: 1635830039}
  - component: {fileID: 1635830038}
  m_Layer: 0
  m_Name: Floor (1)
  m_TagString: Untagged
  m_Icon: {fileID: 0}
  m_NavMeshLayer: 0
  m_StaticEditorFlags: 0
  m_IsActive: 1
--- !u!4 &1635830037
Transform:
  m_ObjectHideFlags: 0
  m_PrefabParentObject: {fileID: 4461332371778102, guid: 81e19c779feb3a445b4782d0c707be4e,
    type: 2}
  m_PrefabInternal: {fileID: 0}
  m_GameObject: {fileID: 1635830036}
  m_LocalRotation: {x: -0, y: -0, z: -0, w: 1}
  m_LocalPosition: {x: 30, y: -0.5, z: -60}
  m_LocalScale: {x: 90, y: 1, z: 30}
  m_Children: []
  m_Father: {fileID: 295850567}
  m_RootOrder: 7
  m_LocalEulerAnglesHint: {x: 0, y: 0, z: 0}
--- !u!23 &1635830038
MeshRenderer:
  m_ObjectHideFlags: 0
  m_PrefabParentObject: {fileID: 23221371252758114, guid: 81e19c779feb3a445b4782d0c707be4e,
    type: 2}
  m_PrefabInternal: {fileID: 0}
  m_GameObject: {fileID: 1635830036}
  m_Enabled: 1
  m_CastShadows: 1
  m_ReceiveShadows: 1
  m_DynamicOccludee: 1
  m_MotionVectors: 1
  m_LightProbeUsage: 1
  m_ReflectionProbeUsage: 1
  m_Materials:
  - {fileID: 2100000, guid: 11729fa27a679db4fbeedeff9e7512fe, type: 2}
  m_StaticBatchInfo:
    firstSubMesh: 0
    subMeshCount: 0
  m_StaticBatchRoot: {fileID: 0}
  m_ProbeAnchor: {fileID: 0}
  m_LightProbeVolumeOverride: {fileID: 0}
  m_ScaleInLightmap: 1
  m_PreserveUVs: 1
  m_IgnoreNormalsForChartDetection: 0
  m_ImportantGI: 0
  m_StitchLightmapSeams: 0
  m_SelectedEditorRenderState: 3
  m_MinimumChartSize: 4
  m_AutoUVMaxDistance: 0.5
  m_AutoUVMaxAngle: 89
  m_LightmapParameters: {fileID: 0}
  m_SortingLayerID: 0
  m_SortingLayer: 0
  m_SortingOrder: 0
--- !u!65 &1635830039
BoxCollider:
  m_ObjectHideFlags: 0
  m_PrefabParentObject: {fileID: 65288890102031626, guid: 81e19c779feb3a445b4782d0c707be4e,
    type: 2}
  m_PrefabInternal: {fileID: 0}
  m_GameObject: {fileID: 1635830036}
  m_Material: {fileID: 0}
  m_IsTrigger: 0
  m_Enabled: 1
  serializedVersion: 2
  m_Size: {x: 1, y: 1, z: 1}
  m_Center: {x: 0, y: 0, z: 0}
--- !u!33 &1635830040
MeshFilter:
  m_ObjectHideFlags: 0
  m_PrefabParentObject: {fileID: 33806268408376290, guid: 81e19c779feb3a445b4782d0c707be4e,
    type: 2}
  m_PrefabInternal: {fileID: 0}
  m_GameObject: {fileID: 1635830036}
  m_Mesh: {fileID: 10202, guid: 0000000000000000e000000000000000, type: 0}
--- !u!1001 &1727801629
Prefab:
  m_ObjectHideFlags: 0
  serializedVersion: 2
  m_Modification:
    m_TransformParent: {fileID: 1852394189}
    m_Modifications:
    - target: {fileID: 4306366975815474, guid: 9bb84388daa6a48ccada4b3ba51d2ca0, type: 2}
      propertyPath: m_LocalPosition.x
      value: 73.78
      objectReference: {fileID: 0}
    - target: {fileID: 4306366975815474, guid: 9bb84388daa6a48ccada4b3ba51d2ca0, type: 2}
      propertyPath: m_LocalPosition.y
      value: 4.99
      objectReference: {fileID: 0}
    - target: {fileID: 4306366975815474, guid: 9bb84388daa6a48ccada4b3ba51d2ca0, type: 2}
      propertyPath: m_LocalPosition.z
      value: 0.51
      objectReference: {fileID: 0}
    - target: {fileID: 4306366975815474, guid: 9bb84388daa6a48ccada4b3ba51d2ca0, type: 2}
      propertyPath: m_LocalRotation.x
      value: 0.5
      objectReference: {fileID: 0}
    - target: {fileID: 4306366975815474, guid: 9bb84388daa6a48ccada4b3ba51d2ca0, type: 2}
      propertyPath: m_LocalRotation.y
      value: -0.5
      objectReference: {fileID: 0}
    - target: {fileID: 4306366975815474, guid: 9bb84388daa6a48ccada4b3ba51d2ca0, type: 2}
      propertyPath: m_LocalRotation.z
      value: 0.5
      objectReference: {fileID: 0}
    - target: {fileID: 4306366975815474, guid: 9bb84388daa6a48ccada4b3ba51d2ca0, type: 2}
      propertyPath: m_LocalRotation.w
      value: 0.5
      objectReference: {fileID: 0}
    - target: {fileID: 4306366975815474, guid: 9bb84388daa6a48ccada4b3ba51d2ca0, type: 2}
      propertyPath: m_RootOrder
      value: 4
      objectReference: {fileID: 0}
    - target: {fileID: 114809476781227814, guid: 9bb84388daa6a48ccada4b3ba51d2ca0,
        type: 2}
      propertyPath: ball
      value: 
      objectReference: {fileID: 2002448221}
    - target: {fileID: 114809476781227814, guid: 9bb84388daa6a48ccada4b3ba51d2ca0,
        type: 2}
      propertyPath: receiver
      value: 
      objectReference: {fileID: 212115612}
    - target: {fileID: 4306366975815474, guid: 9bb84388daa6a48ccada4b3ba51d2ca0, type: 2}
      propertyPath: m_LocalScale.y
      value: 2
      objectReference: {fileID: 0}
    m_RemovedComponents: []
  m_ParentPrefab: {fileID: 100100000, guid: 9bb84388daa6a48ccada4b3ba51d2ca0, type: 2}
  m_IsPrefabParent: 0
--- !u!1 &1794473703
GameObject:
  m_ObjectHideFlags: 0
  m_PrefabParentObject: {fileID: 0}
  m_PrefabInternal: {fileID: 0}
  serializedVersion: 5
  m_Component:
  - component: {fileID: 1794473707}
  - component: {fileID: 1794473706}
  - component: {fileID: 1794473705}
  m_Layer: 0
  m_Name: PlayerCam
  m_TagString: MainCamera
  m_Icon: {fileID: 0}
  m_NavMeshLayer: 0
  m_StaticEditorFlags: 0
  m_IsActive: 1
--- !u!124 &1794473705
Behaviour:
  m_ObjectHideFlags: 0
  m_PrefabParentObject: {fileID: 0}
  m_PrefabInternal: {fileID: 0}
  m_GameObject: {fileID: 1794473703}
  m_Enabled: 1
--- !u!20 &1794473706
Camera:
  m_ObjectHideFlags: 0
  m_PrefabParentObject: {fileID: 0}
  m_PrefabInternal: {fileID: 0}
  m_GameObject: {fileID: 1794473703}
  m_Enabled: 1
  serializedVersion: 2
  m_ClearFlags: 1
  m_BackGroundColor: {r: 0.19215687, g: 0.3019608, b: 0.4745098, a: 0}
  m_NormalizedViewPortRect:
    serializedVersion: 2
    x: 0
    y: 0
    width: 1
    height: 1
  near clip plane: 0.3
  far clip plane: 1000
  field of view: 60
  orthographic: 0
  orthographic size: 5
  m_Depth: -1
  m_CullingMask:
    serializedVersion: 2
    m_Bits: 4294967295
  m_RenderingPath: -1
  m_TargetTexture: {fileID: 0}
  m_TargetDisplay: 0
  m_TargetEye: 3
  m_HDR: 1
  m_AllowMSAA: 1
  m_AllowDynamicResolution: 0
  m_ForceIntoRT: 0
  m_OcclusionCulling: 1
  m_StereoConvergence: 10
  m_StereoSeparation: 0.022
--- !u!4 &1794473707
Transform:
  m_ObjectHideFlags: 0
  m_PrefabParentObject: {fileID: 0}
  m_PrefabInternal: {fileID: 0}
  m_GameObject: {fileID: 1794473703}
  m_LocalRotation: {x: 0.12278779, y: 0.6963643, z: -0.12278779, w: 0.6963643}
  m_LocalPosition: {x: -18, y: 15, z: 0}
  m_LocalScale: {x: 1, y: 1, z: 1}
  m_Children: []
  m_Father: {fileID: 0}
  m_RootOrder: 2
  m_LocalEulerAnglesHint: {x: 20, y: 90, z: 0}
--- !u!1 &1852394188
GameObject:
  m_ObjectHideFlags: 0
  m_PrefabParentObject: {fileID: 0}
  m_PrefabInternal: {fileID: 0}
  serializedVersion: 5
  m_Component:
  - component: {fileID: 1852394189}
  m_Layer: 0
  m_Name: Portals
  m_TagString: Untagged
  m_Icon: {fileID: 0}
  m_NavMeshLayer: 0
  m_StaticEditorFlags: 0
  m_IsActive: 1
--- !u!4 &1852394189
Transform:
  m_ObjectHideFlags: 0
  m_PrefabParentObject: {fileID: 0}
  m_PrefabInternal: {fileID: 0}
  m_GameObject: {fileID: 1852394188}
  m_LocalRotation: {x: 0, y: 0, z: 0, w: 1}
  m_LocalPosition: {x: 0, y: 0, z: 0}
  m_LocalScale: {x: 1, y: 1, z: 1}
  m_Children:
  - {fileID: 439883471}
  - {fileID: 302239877}
  - {fileID: 1491619395}
  - {fileID: 2110791780}
  - {fileID: 536186040}
  - {fileID: 212115612}
  m_Father: {fileID: 295850567}
  m_RootOrder: 6
  m_LocalEulerAnglesHint: {x: 0, y: 0, z: 0}
--- !u!1 &2002253993
GameObject:
  m_ObjectHideFlags: 0
  m_PrefabParentObject: {fileID: 1195112878554002, guid: 81e19c779feb3a445b4782d0c707be4e,
    type: 2}
  m_PrefabInternal: {fileID: 0}
  serializedVersion: 5
  m_Component:
  - component: {fileID: 2002253994}
  - component: {fileID: 2002253997}
  - component: {fileID: 2002253996}
  - component: {fileID: 2002253995}
  m_Layer: 0
  m_Name: Right
  m_TagString: Untagged
  m_Icon: {fileID: 0}
  m_NavMeshLayer: 0
  m_StaticEditorFlags: 0
  m_IsActive: 1
--- !u!4 &2002253994
Transform:
  m_ObjectHideFlags: 0
  m_PrefabParentObject: {fileID: 4526535292849896, guid: 81e19c779feb3a445b4782d0c707be4e,
    type: 2}
  m_PrefabInternal: {fileID: 0}
  m_GameObject: {fileID: 2002253993}
  m_LocalRotation: {x: -0, y: -0, z: -0, w: 1}
  m_LocalPosition: {x: 30, y: 1.5, z: -15.5}
  m_LocalScale: {x: 90, y: 5, z: 1}
  m_Children: []
  m_Father: {fileID: 2011380719}
  m_RootOrder: 1
  m_LocalEulerAnglesHint: {x: 0, y: 0, z: 0}
--- !u!23 &2002253995
MeshRenderer:
  m_ObjectHideFlags: 0
  m_PrefabParentObject: {fileID: 23792566012985154, guid: 81e19c779feb3a445b4782d0c707be4e,
    type: 2}
  m_PrefabInternal: {fileID: 0}
  m_GameObject: {fileID: 2002253993}
  m_Enabled: 1
  m_CastShadows: 1
  m_ReceiveShadows: 1
  m_DynamicOccludee: 1
  m_MotionVectors: 1
  m_LightProbeUsage: 1
  m_ReflectionProbeUsage: 1
  m_Materials:
  - {fileID: -1274705947, guid: eb3ccd6eb7d07724f9b78f5717251969, type: 3}
  m_StaticBatchInfo:
    firstSubMesh: 0
    subMeshCount: 0
  m_StaticBatchRoot: {fileID: 0}
  m_ProbeAnchor: {fileID: 0}
  m_LightProbeVolumeOverride: {fileID: 0}
  m_ScaleInLightmap: 1
  m_PreserveUVs: 1
  m_IgnoreNormalsForChartDetection: 0
  m_ImportantGI: 0
  m_StitchLightmapSeams: 0
  m_SelectedEditorRenderState: 3
  m_MinimumChartSize: 4
  m_AutoUVMaxDistance: 0.5
  m_AutoUVMaxAngle: 89
  m_LightmapParameters: {fileID: 0}
  m_SortingLayerID: 0
  m_SortingLayer: 0
  m_SortingOrder: 0
--- !u!65 &2002253996
BoxCollider:
  m_ObjectHideFlags: 0
  m_PrefabParentObject: {fileID: 65605751275446866, guid: 81e19c779feb3a445b4782d0c707be4e,
    type: 2}
  m_PrefabInternal: {fileID: 0}
  m_GameObject: {fileID: 2002253993}
  m_Material: {fileID: 0}
  m_IsTrigger: 0
  m_Enabled: 1
  serializedVersion: 2
  m_Size: {x: 1, y: 1, z: 1}
  m_Center: {x: 0, y: 0, z: 0}
--- !u!33 &2002253997
MeshFilter:
  m_ObjectHideFlags: 0
  m_PrefabParentObject: {fileID: 33546781076065500, guid: 81e19c779feb3a445b4782d0c707be4e,
    type: 2}
  m_PrefabInternal: {fileID: 0}
  m_GameObject: {fileID: 2002253993}
  m_Mesh: {fileID: 10202, guid: 0000000000000000e000000000000000, type: 0}
--- !u!4 &2002448221 stripped
Transform:
  m_PrefabParentObject: {fileID: 4119765676490390, guid: 81e19c779feb3a445b4782d0c707be4e,
    type: 2}
  m_PrefabInternal: {fileID: 2062054116}
--- !u!1 &2011380718
GameObject:
  m_ObjectHideFlags: 0
  m_PrefabParentObject: {fileID: 1292007605063522, guid: 81e19c779feb3a445b4782d0c707be4e,
    type: 2}
  m_PrefabInternal: {fileID: 0}
  serializedVersion: 5
  m_Component:
  - component: {fileID: 2011380719}
  m_Layer: 0
  m_Name: Walls (1)
  m_TagString: Untagged
  m_Icon: {fileID: 0}
  m_NavMeshLayer: 0
  m_StaticEditorFlags: 0
  m_IsActive: 1
--- !u!4 &2011380719
Transform:
  m_ObjectHideFlags: 0
  m_PrefabParentObject: {fileID: 4563613583342262, guid: 81e19c779feb3a445b4782d0c707be4e,
    type: 2}
  m_PrefabInternal: {fileID: 0}
  m_GameObject: {fileID: 2011380718}
  m_LocalRotation: {x: -0, y: -0, z: -0, w: 1}
  m_LocalPosition: {x: 0, y: 0, z: -60}
  m_LocalScale: {x: 1, y: 1, z: 1}
  m_Children:
  - {fileID: 63893653}
  - {fileID: 2002253994}
  - {fileID: 1568235936}
  - {fileID: 403540610}
  m_Father: {fileID: 295850567}
  m_RootOrder: 8
  m_LocalEulerAnglesHint: {x: 0, y: 0, z: 0}
--- !u!1 &2043377303 stripped
GameObject:
  m_PrefabParentObject: {fileID: 1045249494902614, guid: 81e19c779feb3a445b4782d0c707be4e,
    type: 2}
  m_PrefabInternal: {fileID: 2062054116}
--- !u!1001 &2062054116
Prefab:
  m_ObjectHideFlags: 0
  serializedVersion: 2
  m_Modification:
    m_TransformParent: {fileID: 0}
    m_Modifications:
    - target: {fileID: 4030515484366412, guid: 81e19c779feb3a445b4782d0c707be4e, type: 2}
      propertyPath: m_LocalPosition.x
      value: 0
      objectReference: {fileID: 0}
    - target: {fileID: 4030515484366412, guid: 81e19c779feb3a445b4782d0c707be4e, type: 2}
      propertyPath: m_LocalPosition.y
      value: 0
      objectReference: {fileID: 0}
    - target: {fileID: 4030515484366412, guid: 81e19c779feb3a445b4782d0c707be4e, type: 2}
      propertyPath: m_LocalPosition.z
      value: 0
      objectReference: {fileID: 0}
    - target: {fileID: 4030515484366412, guid: 81e19c779feb3a445b4782d0c707be4e, type: 2}
      propertyPath: m_LocalRotation.x
      value: -0
      objectReference: {fileID: 0}
    - target: {fileID: 4030515484366412, guid: 81e19c779feb3a445b4782d0c707be4e, type: 2}
      propertyPath: m_LocalRotation.y
      value: -0
      objectReference: {fileID: 0}
    - target: {fileID: 4030515484366412, guid: 81e19c779feb3a445b4782d0c707be4e, type: 2}
      propertyPath: m_LocalRotation.z
      value: -0
      objectReference: {fileID: 0}
    - target: {fileID: 4030515484366412, guid: 81e19c779feb3a445b4782d0c707be4e, type: 2}
      propertyPath: m_LocalRotation.w
      value: 1
      objectReference: {fileID: 0}
    - target: {fileID: 4030515484366412, guid: 81e19c779feb3a445b4782d0c707be4e, type: 2}
      propertyPath: m_RootOrder
      value: 1
      objectReference: {fileID: 0}
    - target: {fileID: 114106280183663288, guid: 81e19c779feb3a445b4782d0c707be4e,
        type: 2}
      propertyPath: playerCamText
      value: 
      objectReference: {fileID: 0}
    - target: {fileID: 1854330431591968, guid: 81e19c779feb3a445b4782d0c707be4e, type: 2}
      propertyPath: m_Name
      value: Hole1
      objectReference: {fileID: 0}
    - target: {fileID: 135162582320406324, guid: 81e19c779feb3a445b4782d0c707be4e,
        type: 2}
      propertyPath: m_Material
      value: 
      objectReference: {fileID: 13400000, guid: 3f5f8bb4781899243bb5e7b190c50f7d,
        type: 2}
    - target: {fileID: 114106280183663288, guid: 81e19c779feb3a445b4782d0c707be4e,
        type: 2}
      propertyPath: Portal_Orange
      value: 
      objectReference: {fileID: 439883471}
    - target: {fileID: 114106280183663288, guid: 81e19c779feb3a445b4782d0c707be4e,
        type: 2}
      propertyPath: Portal_Blue
      value: 
      objectReference: {fileID: 302239877}
    - target: {fileID: 1045249494902614, guid: 81e19c779feb3a445b4782d0c707be4e, type: 2}
      propertyPath: m_TagString
      value: Ball
      objectReference: {fileID: 0}
    - target: {fileID: 23727531586795686, guid: 81e19c779feb3a445b4782d0c707be4e,
        type: 2}
      propertyPath: m_Materials.Array.data[0]
      value: 
      objectReference: {fileID: -1274705947, guid: eb3ccd6eb7d07724f9b78f5717251969,
        type: 3}
    - target: {fileID: 23115188527403836, guid: 81e19c779feb3a445b4782d0c707be4e,
        type: 2}
      propertyPath: m_Materials.Array.data[0]
      value: 
      objectReference: {fileID: -1274705947, guid: eb3ccd6eb7d07724f9b78f5717251969,
        type: 3}
    - target: {fileID: 23792566012985154, guid: 81e19c779feb3a445b4782d0c707be4e,
        type: 2}
      propertyPath: m_Materials.Array.data[0]
      value: 
      objectReference: {fileID: -1274705947, guid: eb3ccd6eb7d07724f9b78f5717251969,
        type: 3}
    - target: {fileID: 23881152795578836, guid: 81e19c779feb3a445b4782d0c707be4e,
        type: 2}
      propertyPath: m_Materials.Array.data[0]
      value: 
      objectReference: {fileID: -1274705947, guid: eb3ccd6eb7d07724f9b78f5717251969,
        type: 3}
    - target: {fileID: 75320612486307302, guid: 81e19c779feb3a445b4782d0c707be4e,
        type: 2}
      propertyPath: m_Enabled
      value: 0
      objectReference: {fileID: 0}
    - target: {fileID: 1119158485109644, guid: 81e19c779feb3a445b4782d0c707be4e, type: 2}
      propertyPath: m_TagString
      value: Club
      objectReference: {fileID: 0}
    - target: {fileID: 114223490773233382, guid: 81e19c779feb3a445b4782d0c707be4e,
        type: 2}
      propertyPath: ball
      value: 
      objectReference: {fileID: 2002448221}
    - target: {fileID: 114223490773233382, guid: 81e19c779feb3a445b4782d0c707be4e,
        type: 2}
      propertyPath: thrust
      value: 100
      objectReference: {fileID: 0}
    - target: {fileID: 54749126162045046, guid: 81e19c779feb3a445b4782d0c707be4e,
        type: 2}
      propertyPath: m_Mass
      value: 0.5
      objectReference: {fileID: 0}
    m_RemovedComponents: []
  m_ParentPrefab: {fileID: 100100000, guid: 81e19c779feb3a445b4782d0c707be4e, type: 2}
  m_IsPrefabParent: 0
--- !u!1 &2110791779
GameObject:
  m_ObjectHideFlags: 0
  m_PrefabParentObject: {fileID: 0}
  m_PrefabInternal: {fileID: 0}
  serializedVersion: 5
  m_Component:
  - component: {fileID: 2110791780}
  - component: {fileID: 2110791783}
  - component: {fileID: 2110791782}
  - component: {fileID: 2110791781}
  m_Layer: 0
  m_Name: PortalCam2
  m_TagString: Untagged
  m_Icon: {fileID: 0}
  m_NavMeshLayer: 0
  m_StaticEditorFlags: 0
  m_IsActive: 0
--- !u!4 &2110791780
Transform:
  m_ObjectHideFlags: 0
  m_PrefabParentObject: {fileID: 0}
  m_PrefabInternal: {fileID: 0}
  m_GameObject: {fileID: 2110791779}
  m_LocalRotation: {x: -0, y: -0.7071068, z: -0, w: 0.7071068}
  m_LocalPosition: {x: 74.46, y: 4.74, z: 0.52}
  m_LocalScale: {x: 1, y: 1, z: 1}
  m_Children: []
  m_Father: {fileID: 1852394189}
  m_RootOrder: 3
  m_LocalEulerAnglesHint: {x: 0, y: -90, z: 0}
--- !u!114 &2110791781
MonoBehaviour:
  m_ObjectHideFlags: 0
  m_PrefabParentObject: {fileID: 0}
  m_PrefabInternal: {fileID: 0}
  m_GameObject: {fileID: 2110791779}
  m_Enabled: 1
  m_EditorHideFlags: 0
  m_Script: {fileID: 11500000, guid: 746099f2922094a898599066ab51330c, type: 3}
  m_Name: 
  m_EditorClassIdentifier: 
  playerCamera: {fileID: 1794473707}
  portal: {fileID: 439883471}
  otherPortal: {fileID: 302239877}
--- !u!124 &2110791782
Behaviour:
  m_ObjectHideFlags: 0
  m_PrefabParentObject: {fileID: 0}
  m_PrefabInternal: {fileID: 0}
  m_GameObject: {fileID: 2110791779}
  m_Enabled: 1
--- !u!20 &2110791783
Camera:
  m_ObjectHideFlags: 0
  m_PrefabParentObject: {fileID: 0}
  m_PrefabInternal: {fileID: 0}
  m_GameObject: {fileID: 2110791779}
  m_Enabled: 1
  serializedVersion: 2
  m_ClearFlags: 1
  m_BackGroundColor: {r: 0.19215687, g: 0.3019608, b: 0.4745098, a: 0}
  m_NormalizedViewPortRect:
    serializedVersion: 2
    x: 0
    y: 0
    width: 1
    height: 1
  near clip plane: 0.3
  far clip plane: 1000
  field of view: 60
  orthographic: 0
  orthographic size: 5
  m_Depth: 0
  m_CullingMask:
    serializedVersion: 2
    m_Bits: 4294967295
  m_RenderingPath: -1
  m_TargetTexture: {fileID: 8400000, guid: 86aad6c82bb9f4cf0b5bce0282129c65, type: 2}
  m_TargetDisplay: 0
  m_TargetEye: 3
  m_HDR: 1
  m_AllowMSAA: 1
  m_AllowDynamicResolution: 0
  m_ForceIntoRT: 0
  m_OcclusionCulling: 1
  m_StereoConvergence: 10
  m_StereoSeparation: 0.022
